3578 5517
1758 635 2232 693 ——104—

1527 817 1757 884 Lobus
1803 818 2243 887 intermedius
2286 823 2431 887 toto
2479 821 2783 906 margine
2830 821 3065 888 nudus,

1841 927 1941 989 73.
1995 921 2135 988 Chl.
2180 921 2562 990 Johowiana
2607 925 2888 991 Kranzl.

1526 1043 1775 1109 Discus
1844 1043 2072 1110 labelli
2132 1044 2351 1112 medio
2399 1045 2765 1131 falcigerus
2810 1047 3180 1131 marginem

1629 1165 1870 1214 versus
1914 1148 2308 1230 papillosus.

1837 1255 1936 1316 74.
1990 1248 2128 1316 Che.
2175 1250 2522 1319 collinens-is
2564 1253 2846 1319 Kranzl.

1152 1368 1209 1435 ὁ.
1257 1371 1608 1437 Labellum
1655 1371 2186 1439 suborbiculare.

1358 1491 1561 1573 Spica
1607 1510 1876 1573 semper
1920 1493 2258 1578 elongata,
2306 1494 2543 1575 sepala
2590 1494 2873 1562 flaccida
2919 1495 3180 1562 deflexa

1460 1600 1663 1676 torta,
1731 1595 2027 1677 papillae
2096 1606 2165 1661 et
2229 1596 2521 1662 falculae
2590 1597 2786 1663 faciei
2849 1600 3177 1681 superiori

1457 1704 1721 1765 tantum
1766 1700 2161 1766 insidentes,

1830 1808 1932 1869 75.
1983 1800 2120 1869 GM.
2166 1801 2376 1869 ineisa
2422 1805 2673 1886 Poepp.
2779 1861 2788 1867 .

1354 1923 1557 2005 Spica
1623 1924 2080 2001 densiuscula.
2157 1924 2448 1990 salculae
2526 1924 2890 2006 dispositae
2960 1930 3037 1992 ut
3108 1926 3176 1990 in

1460 2027 1910 2108 praecedente
1959 2028 2368 2110 marginales
2421 2028 2487 2092 in
2521 2027 2760 2094 faciem
2794 2027 3174 2095 inferiorem
3303 2091 3313 2097 .

1455 2136 1903 2213 permeantes.
1953 2130 2369 2214 (Transitum
2400 2131 2678 2212 praebet
2711 2134 2879 2197 haec
2913 2134 3175 2212 species

1456 2235 1540 2300 ad
1587 2236 1955 2301 sectionem
2003 2242 2415 2316 sequentem.

1828 2344 1926 2404 76.
1981 2335 2118 2404 0121.
2167 2337 2379 2420 erispa
2425 2339 2644 2404 Lindl.

1576 2564 1654 2628 B.
1724 2562 2387 2648 Heteroglossae.

786 2716 1111 2783 Falculae
1179 2736 1299 2785 seu
1367 2718 1659 2801 papillae
1728 2718 1796 2784 in
1866 2718 2037 2785 facie
2082 2717 2399 2786 inferiore
2447 2718 2675 2786 labelli
2723 2720 2860 2787 alia
2905 2721 3171 2787 ratione

892 2820 1260 2902 dispositae
1310 2841 1390 2888 ac
1440 2823 1500 2887 in
1555 2823 1924 2904 superiore,
1973 2822 2285 2889 labellum
2343 2823 2645 2903 simplex.

990 2944 1344 3010 Labellum
1375 2943 1850 3024 panduratum.
1899 2943 2211 3024 Papillae
2243 2943 2438 3009 faciei
2473 2944 2840 3023 superioris
2870 2944 3166 3010 falcatae

1089 3048 1156 3112 in
1206 3048 1419 3114 series
1467 3053 1502 3112 7
1546 3048 1932 3129 dispositae,
1978 3047 2274 3129 papillae
2306 3046 2504 3112 faciei
2534 3047 2872 3114 inferioris
2903 3066 3163 3128 parvae

1091 3151 1461 3236 marginem
1508 3157 1900 3233 sequentem
1945 3149 2184 3232 planta
2238 3150 2527 3234 gracilis

1816 3258 1914 3319 77.
1968 3251 2104 3318 ΟΜ.
2155 3251 2478 3337 Krueyem‘
2520 3253 2694 3318 Phil.

986 3375 1336 3440 Labellum
1385 3376 2001 3457 ovato-oblongum.
2083 3374 2403 3440 Falculae
2452 3374 2642 3439 basin
2688 3375 2913 3439 labelli
2962 3376 3160 3441 faciei

1087 3479 1455 3559 superioris
1532 3484 1973 3560 occupanteS‚
2049 3479 2255 3544 facies
2325 3477 2603 3544 inferior
2671 3483 2745 3543 ut
2814 3478 2878 3543 iu
2965 3497 3158 3558 prae-

1087 3581 1398 3662 cedente3
1444 3581 1756 3662 plantula
1802 3581 1915 3647 vix
1963 3580 2358 3662 spithamea.

1816 3689 1914 3750 78.
1969 3683 2106 3750 Chl.
2155 3683 2335 3751 chica
2379 3685 2661 3750 Kranzl.

981 3807 1332 3872 Labellum
1354 3813 1641 3890 anguste
1664 3805 2279 3889 ovato-oblongum.
2301 3806 2628 3871 Falculae
2649 3806 2814 3886 subq
2826 3805 3155 3871 uadratae

1083 3911 1149 3976 in
1196 3910 1391 3976 lineis
1424 3916 1463 3975 5
1511 3909 1919 3976 centralibus
1949 3908 2147 3974 faciei
2178 3909 2565 3990 superioris,
2620 3908 2913 3989 papillae
2948 3928 3153 3990 quae-

1083 4014 1236 4080 dam
1306 4032 1578 4080 crassae
1644 4014 1711 4079 in
1782 4014 1959 4080 facie
2026 4011 2342 4078 inferiore
2411 4013 2586 4077 inter
2653 4031 2898 4078 nervos
2960 4012 3152 4078 basin

1080 4136 1341 4184 versus,
1808 4120 1907 4182 79.
1962 4113 2100 4182 Ghl.
2147 4115 2561 4202 heteroylossa
2603 4116 2814 4182 Rchb.
2841 4116 2885 4180 f.

976 4237 1332 4305 Labellum
1402 4242 1477 4303 ut
1541 4236 1610 4302 in
1670 4237 2122 4318 praecedente
2169 4237 2288 4303 sed
2335 4237 2537 4303 latius
2586 4235 2888 4319 margine
2936 4238 3152 4321 magis

1080 4343 1522 4422 crenulatum‚
1588 4341 1883 4423 papillae
1947 4359 2222 4408 crassae
2270 4359 2700 4421 compressae
2747 4341 3060 4407 clavatae
3110 4360 3152 4407 a

1079 4446 1224 4511 basi
1294 4464 1503 4526 supra
1568 4445 1861 4510 medium
1930 4445 2130 4511 faciei
2191 4445 2556 4524 superioris
2603 4450 2882 4525 excepto
2929 4443 3147 4526 apice;

1077 4550 1143 4614 in
1190 4547 1362 4616 facie
1411 4547 1725 4615 inferiore
1774 4548 2104 4616 similibus
2153 4554 2310 4614 ante
2358 4548 2634 4628 apicem.

1804 4658 1907 4721 80.
1959 4649 2106 4720 0121.
2144 4651 2475 4719 lamellata
2519 4651 2736 4719 Lindl.
